@misc{ Kane,
       author = "Kane, David",
       title = "ws.data",
       year = "2008" }
